@book{garciasaraviaortizdemontellano_2023_the,
  author = {Garcia-Saravia Ortiz-de-Montellano, Cris },
  edition = {4.1},
  month = {06},
  pages = {4},
  publisher = {Maastricht University},
  title = {The CIRCULAR pathway},
  year = {2023}
}

@mastersthesis{lemos2021prevendo,
  title={Prevendo a evas{\~a}o escolar em uma institui{\c{c}}{\~a}o de ensino t{\'e}cnico utilizando minera{\c{c}}{\~a}o de dados educacionais},
  author={Lemos, {\'I}talo Vin{\'\i}cius do Rego},
  type={{B.S.} thesis},
  year={2021},
  school={Brasil}
}

@inproceedings{sales2019evasao,
  title={Evas{\~a}o no ensino b{\'a}sico da rede p{\'u}blica municipal de juiz de fora: uma an{\'a}lise com minera{\c{c}}{\~a}o de dados},
  author={Sales, Frederico and Mendes, Yan and Dembogurski, Bruno and Semaan, Gustavo and Silva, Edelberto and Ferreira, Francisco},
  booktitle={Brazilian Symposium on Computers in Education (Simp{\'o}sio Brasileiro de Inform{\'a}tica na Educa{\c{c}}{\~a}o-SBIE)},
  volume={30},
  number={1},
  pages={1371},
  year={2019}
}

@inproceedings{barbosa2023previsao,
  title={Previs{\~a}o da Evas{\~a}o Escolar atrav{\'e}s da An{\'a}lise de Dados e Aprendizagem de M{\'a}quina: Um estudo de caso},
  author={Barbosa, Dyego and Cabral, Luciano and Dwan, Filipe and Feitas, Elyda and Mello, Rafael Ferreira},
  booktitle={Anais do II Workshop de Aplica{\c{c}}{\~o}es Pr{\'a}ticas de Learning Analytics em Institui{\c{c}}{\~o}es de Ensino no Brasil},
  pages={42--50},
  year={2023},
  organization={SBC}
}